@misc {
    wiki_tsp,
    title = {Problem des Handlungsreisenden},
    howpublished = {\url{https://de.wikipedia.org/wiki/Problem_des_Handlungsreisenden}},
    note = {Accessed: 03.01.2019}
}

@misc {
    wiki_optimierung,
    title = {Optimierung},
    howpublished = {\url{https://de.wiktionary.org/wiki/Optimierung}},
    note = {Accessed: 03.01.2019}
}